@inproceedings{rechenberg1964kybernetische,
	title={{Kybernetische L{\"o}sungsansteuerung einer experimentellen Forschungsaufgabe}},
	author={Rechenberg, Ingo},
	booktitle={Annual Conference of the WGLR},
	pages={1--10},
	year={1964},
}

@book{fink2006grundlagen,
	title={{Grundlagen der Wirtschaftsinformatik}},
	author={Fink, Andreas and Schneidereit, Gabriele and Vo{\ss}, Stefan},
	year={2005},
	publisher={Physica},
	address={Heidelberg},
	edition={2}
}

@inproceedings{bose2000vehicle,
	title={Vehicle dispatching at seaport container terminals using evolutionary algorithms},
	author={B{\"o}se, J{\"u}rgen and Reiners, Torsten and Steenken, Dirk and Vo{\ss}, Stefan},
	booktitle={Proceedings of the 33rd Annual Hawaii International Conference on System Sciences (HICSS)},
	pages={1--10},
	year={2000},
	organization={IEEE},
	address={Maui, HI, USA}
}

@article{jacobs_pathologies_2009,
	title = {The Pathologies of Big Data},
	volume = {52},
	number = {8},
	journal = {Communications of the ACM},
	author = {Jacobs, Adam},
	year = {2009},
	pages = {36--44}
}

@article{heilig_scientometric_2014,
	title = {A Scientometric Analysis of Cloud Computing Literature},
	volume = {2},
	number = {3},
	journal = {IEEE Transactions on Cloud Computing},
	author = {Heilig, L. and Vo{\ss}, S.},
	year = {2014},
	pages = {266--278},
}

@incollection{voss_popmusic_2002,
	year={2002},
	booktitle={Essays and Surveys in Metaheuristics},
	title={{POPMUSIC} -- {Partial} {Optimization} {Metaheuristic} under {Special} {Intensification} {Conditions}},
	publisher={Kluwer},
	address={New York, NY, USA},
	author={Taillard, Eric D. and Vo{\ss}, Stefan},
	editor={Ribeiro, Celso C. and Hansen, Pierre},
	pages={613--629},
}

@misc{davenport_data_2012,
	author = {Davenport, Thomas H. and Patil, D. J.},
	title = {Data Scientist: The Sexiest Job of the 21st Century},
	note = {\url{https://hbr.org/2012/10/data-scientist-the-sexiest-job-of-the-21st-century/}. Letzter Zugriff am 09.12.2015},
	year = {2012},
}

@phdthesis{ropke_heuristic_2005,
	title = {Heuristic and exact algorithms for vehicle routing problems},
	school = {University of Copenhagen},
	author = {Ropke, Stefan},
	type={Doktorarbeit},
	year = {2005},
}

@techreport{heilig_voss_2015,
	title = {Inter-terminal transportation: An annotated bibliography and research agenda},
	institution = {Institute of Information Systems, University of Hamburg},
	type = {Working Paper},
	author = {Heilig, Leonard and Vo{\ss}, Stefan},
	year = {2015}
}

@article{armbrust2010view,
	title={A view of cloud computing},
	author={Armbrust, Michael and Fox, Armando and Griffith, Rean and Joseph, Anthony D and Katz, Randy and Konwinski, Andy and Lee, Gunho and Patterson, David and Rabkin, Ariel and Stoica, Ion and others},
	journal={Communications of the ACM},
	volume={53},
	number={4},
	pages={50--58},
	year={2010},
	publisher={ACM}
}